<?xml version="1.0" encoding="UTF-8"?><collection xmlns="http://www.loc.gov/MARC21/slim"><record><leader>00318nam--2200121-i-4500</leader><controlfield tag="001">000034949</controlfield><controlfield tag="002">20161230</controlfield><controlfield tag="005">20161230201040</controlfield><controlfield tag="008">060222s1000------------r-----000-0-eng-d</controlfield><datafield ind1=" " ind2=" " tag="080"><subfield code="a">621.317.3</subfield></datafield><datafield ind1=" " ind2=" " tag="100"><subfield code="a">Noutati In Domeniul Masurarilor Electrice. Culegere De Trad</subfield></datafield><datafield ind1=" " ind2=" " tag="245"><subfield code="a">Bucuresti, i.d.t., 1971, 64p</subfield></datafield><datafield ind1=" " ind2=" " tag="852"><subfield code="a">34232</subfield></datafield></record></collection>